@BOOK{Beck2004-oo,
  title     = "Extreme Programming Explained: Embrace Change",
  author    = "Beck, K and Andr{\'e}s, C",
  publisher = "Addison-Wesley",
  year      =  2004
}

@MISC{noauthor_undated-fv,
  title        = "What is extreme programming?",
  booktitle    = "Ronjeffries.com",
  howpublished = "\url{https://ronjeffries.com/xprog/what-is-extreme-programming/}",
  note         = "Accessed: 2023-10-19"
}

@BOOK{Sommerville2005-zg,
  title     = "Ingenieria del software",
  author    = "Sommerville, Ian",
  publisher = "Pearson Educacion",
  edition   =  7,
  year      =  2005,
  language  = "en"
}

@BOOK{Fowler2002-en,
  title     = "Refactoring: Improving the Design of Existing Code",
  author    = "Fowler, M",
  publisher = "Addison-Wesley",
  year      =  2002
}

@BOOK{Martin2002-iw,
  title     = "Agile Software Development: Principles, Patterns, and Practices",
  author    = "Martin, R C",
  publisher = "Pearson Education",
  year      =  2002
}
